
<?xml version="1.0" encoding="UTF-8"?>
<record
    xmlns:xsi="http://www.w3.org/2001/XMLSchema-instance"
    xsi:schemaLocation="http://www.loc.gov/MARC21/slim http://www.loc.gov/standards/marcxml/schema/MARC21slim.xsd"
    xmlns="http://www.loc.gov/MARC21/slim">

  <leader>00903cam a2200301 i 4500</leader>
  <controlfield tag="001">24629</controlfield>
  <controlfield tag="005">20020426081323.0</controlfield>
  <controlfield tag="008">800724s1980    enka          001 0 eng d</controlfield>
  <datafield tag="010" ind1=" " ind2=" ">
    <subfield code="a">79040999</subfield>
  </datafield>
  <datafield tag="020" ind1=" " ind2=" ">
    <subfield code="a">0407001581</subfield>
  </datafield>
  <datafield tag="035" ind1=" " ind2=" ">
    <subfield code="z">VOY24629</subfield>
  </datafield>
  <datafield tag="035" ind1=" " ind2=" ">
    <subfield code="9">.b10250293</subfield>
    <subfield code="b">mbks </subfield>
    <subfield code="c">-</subfield>
  </datafield>
  <datafield tag="035" ind1=" " ind2=" ">
    <subfield code="9">.b10250293</subfield>
    <subfield code="b">mbks </subfield>
    <subfield code="c">-</subfield>
  </datafield>
  <datafield tag="035" ind1=" " ind2=" ">
    <subfield code="a">(OCoLC)ocm06602359</subfield>
  </datafield>
  <datafield tag="040" ind1=" " ind2=" ">
    <subfield code="a">NLM</subfield>
    <subfield code="c">NLM</subfield>
    <subfield code="d">m.c.</subfield>
    <subfield code="d">OCL</subfield>
    <subfield code="d">VVK</subfield>
    <subfield code="d">WaOLN</subfield>
  </datafield>
  <datafield tag="049" ind1=" " ind2=" ">
    <subfield code="a">VVKM</subfield>
  </datafield>
  <datafield tag="060" ind1=" " ind2=" ">
    <subfield code="a">WE 725 J46d 1980</subfield>
  </datafield>
  <datafield tag="069" ind1="0" ind2=" ">
    <subfield code="a">8006878</subfield>
  </datafield>
  <datafield tag="100" ind1="1" ind2=" ">
    <subfield code="a">Jeffreys, Eurig.</subfield>
    <subfield code="0">(nnnam)48570</subfield>
  </datafield>
  <datafield tag="245" ind1="1" ind2="0">
    <subfield code="a">Disorders of the cervical spine /</subfield>
    <subfield code="c">Eurig Jeffreys, with a contribution by Terence McSweeney.</subfield>
  </datafield>
  <datafield tag="260" ind1="0" ind2=" ">
    <subfield code="a">London ;</subfield>
    <subfield code="a">Boston :</subfield>
    <subfield code="b">Butterworths,</subfield>
    <subfield code="c">1980.</subfield>
  </datafield>
  <datafield tag="300" ind1=" " ind2=" ">
    <subfield code="a">ix, 147 p. :</subfield>
    <subfield code="b">ill. ;</subfield>
    <subfield code="c">28 cm.</subfield>
  </datafield>
  <datafield tag="650" ind1=" " ind2="2">
    <subfield code="a">Cervical Vertebrae.</subfield>
    <subfield code="0">(nnnam)130302</subfield>
  </datafield>
  <datafield tag="650" ind1=" " ind2="2">
    <subfield code="a">Spinal Diseases.</subfield>
    <subfield code="0">(nnnam)145757</subfield>
  </datafield>
  <datafield tag="902" ind1=" " ind2=" ">
    <subfield code="a">020506</subfield>
  </datafield>
  <datafield tag="910" ind1=" " ind2=" ">
    <subfield code="a">24629</subfield>
  </datafield>
  <datafield tag="998" ind1=" " ind2=" ">
    <subfield code="b">1</subfield>
    <subfield code="c">020506</subfield>
    <subfield code="d">m</subfield>
    <subfield code="e">a</subfield>
    <subfield code="f">-</subfield>
    <subfield code="g">0</subfield>
  </datafield>
  <datafield tag="999" ind1=" " ind2=" ">
    <subfield code="c">107</subfield>
    <subfield code="d">107</subfield>
  </datafield>
  <datafield tag="952" ind1=" " ind2=" ">
    <subfield code="w">2009-07-16</subfield>
    <subfield code="p">3068100550764</subfield>
    <subfield code="y">MAIN</subfield>
    <subfield code="r">2009-07-16</subfield>
    <subfield code="4">0</subfield>
    <subfield code="0">0</subfield>
    <subfield code="6">WE_725_J46D_1980</subfield>
    <subfield code="9">107</subfield>
    <subfield code="b">NYAM</subfield>
    <subfield code="1">0</subfield>
    <subfield code="o">WE 725 J46d 1980</subfield>
    <subfield code="d">2004-05-24</subfield>
    <subfield code="t">1</subfield>
    <subfield code="8">GENERAL</subfield>
    <subfield code="7">0</subfield>
    <subfield code="c">MBKSO</subfield>
    <subfield code="2">z</subfield>
    <subfield code="a">NYAM</subfield>
  </datafield>
</record>