
<?xml version="1.0" encoding="UTF-8"?>
<record
    xmlns:xsi="http://www.w3.org/2001/XMLSchema-instance"
    xsi:schemaLocation="http://www.loc.gov/MARC21/slim http://www.loc.gov/standards/marcxml/schema/MARC21slim.xsd"
    xmlns="http://www.loc.gov/MARC21/slim">

  <leader>00891cam a2200301   4500</leader>
  <controlfield tag="001">1266</controlfield>
  <controlfield tag="005">20020426080931.0</controlfield>
  <controlfield tag="008">690526s1969    nyu      b    001 0 eng  </controlfield>
  <datafield tag="010" ind1=" " ind2=" ">
    <subfield code="a">68029401</subfield>
  </datafield>
  <datafield tag="035" ind1=" " ind2=" ">
    <subfield code="z">VOY1266</subfield>
  </datafield>
  <datafield tag="035" ind1=" " ind2=" ">
    <subfield code="9">.b1001391x</subfield>
    <subfield code="b">mbks </subfield>
    <subfield code="c">-</subfield>
  </datafield>
  <datafield tag="035" ind1=" " ind2=" ">
    <subfield code="9">.b1001391x</subfield>
    <subfield code="b">mbks </subfield>
    <subfield code="c">x</subfield>
  </datafield>
  <datafield tag="035" ind1=" " ind2=" ">
    <subfield code="a">(OCoLC)ocm00001939</subfield>
  </datafield>
  <datafield tag="040" ind1=" " ind2=" ">
    <subfield code="a">DLC</subfield>
    <subfield code="c">DLC</subfield>
    <subfield code="d">m.c.</subfield>
    <subfield code="d">WaOLN</subfield>
  </datafield>
  <datafield tag="049" ind1=" " ind2=" ">
    <subfield code="a">VVKM</subfield>
  </datafield>
  <datafield tag="050" ind1="0" ind2=" ">
    <subfield code="a">RC514</subfield>
    <subfield code="b">.S72</subfield>
  </datafield>
  <datafield tag="096" ind1=" " ind2=" ">
    <subfield code="a">WM 203 S76 1969</subfield>
  </datafield>
  <datafield tag="100" ind1="1" ind2=" ">
    <subfield code="a">Spotnitz, Hyman,</subfield>
    <subfield code="d">1908-</subfield>
    <subfield code="0">(nnnam)39910</subfield>
  </datafield>
  <datafield tag="245" ind1="1" ind2="0">
    <subfield code="a">Modern psychoanalysis of the schizophrenic patient; theory of the technique.</subfield>
  </datafield>
  <datafield tag="260" ind1=" " ind2=" ">
    <subfield code="a">New York :</subfield>
    <subfield code="b">Grune &amp; Stratton,</subfield>
    <subfield code="c">[1969]</subfield>
  </datafield>
  <datafield tag="300" ind1=" " ind2=" ">
    <subfield code="a">vi, 234 p.</subfield>
    <subfield code="c">23 cm.</subfield>
  </datafield>
  <datafield tag="504" ind1=" " ind2=" ">
    <subfield code="a">Bibliography: p. 208-221.</subfield>
  </datafield>
  <datafield tag="650" ind1=" " ind2="0">
    <subfield code="a">Schizophrenia</subfield>
    <subfield code="x">Treatment.</subfield>
    <subfield code="0">(nnnam)150488</subfield>
  </datafield>
  <datafield tag="650" ind1=" " ind2="0">
    <subfield code="a">Psychoanalysis.</subfield>
    <subfield code="0">(nnnam)143473</subfield>
  </datafield>
  <datafield tag="902" ind1=" " ind2=" ">
    <subfield code="a">040408</subfield>
  </datafield>
  <datafield tag="910" ind1=" " ind2=" ">
    <subfield code="a">1266</subfield>
  </datafield>
  <datafield tag="998" ind1=" " ind2=" ">
    <subfield code="b">1</subfield>
    <subfield code="c">020506</subfield>
    <subfield code="d">m</subfield>
    <subfield code="e">a</subfield>
    <subfield code="f">-</subfield>
    <subfield code="g">0</subfield>
  </datafield>
  <datafield tag="999" ind1=" " ind2=" ">
    <subfield code="c">125</subfield>
    <subfield code="d">125</subfield>
  </datafield>
  <datafield tag="952" ind1=" " ind2=" ">
    <subfield code="w">2009-07-16</subfield>
    <subfield code="y">MAIN</subfield>
    <subfield code="r">2009-07-16</subfield>
    <subfield code="4">0</subfield>
    <subfield code="0">0</subfield>
    <subfield code="6">WM_203_S76_1969</subfield>
    <subfield code="9">125</subfield>
    <subfield code="b">NYAM</subfield>
    <subfield code="1">5</subfield>
    <subfield code="o">WM 203 S76 1969</subfield>
    <subfield code="d">2004-05-24</subfield>
    <subfield code="t">1</subfield>
    <subfield code="8">GENERAL</subfield>
    <subfield code="7">0</subfield>
    <subfield code="c">MBKSO</subfield>
    <subfield code="2">z</subfield>
    <subfield code="a">NYAM</subfield>
  </datafield>
</record>