
<?xml version="1.0" encoding="UTF-8"?>
<record
    xmlns:xsi="http://www.w3.org/2001/XMLSchema-instance"
    xsi:schemaLocation="http://www.loc.gov/MARC21/slim http://www.loc.gov/standards/marcxml/schema/MARC21slim.xsd"
    xmlns="http://www.loc.gov/MARC21/slim">

  <leader>00842nam a2200301I  4500</leader>
  <controlfield tag="001">3419</controlfield>
  <controlfield tag="005">20020426080951.0</controlfield>
  <controlfield tag="008">750731s1960    xx            000 0 eng u</controlfield>
  <datafield tag="010" ind1=" " ind2=" ">
    <subfield code="a">59015501</subfield>
  </datafield>
  <datafield tag="035" ind1=" " ind2=" ">
    <subfield code="z">VOY3419</subfield>
  </datafield>
  <datafield tag="035" ind1=" " ind2=" ">
    <subfield code="9">.b10035540</subfield>
    <subfield code="b">mbks </subfield>
    <subfield code="c">-</subfield>
  </datafield>
  <datafield tag="035" ind1=" " ind2=" ">
    <subfield code="9">.b10035540</subfield>
    <subfield code="b">mbks </subfield>
    <subfield code="c">x</subfield>
  </datafield>
  <datafield tag="035" ind1=" " ind2=" ">
    <subfield code="a">(OCoLC)ocm01495798</subfield>
  </datafield>
  <datafield tag="040" ind1=" " ind2=" ">
    <subfield code="c">FQG</subfield>
    <subfield code="d">WaOLN</subfield>
  </datafield>
  <datafield tag="049" ind1=" " ind2=" ">
    <subfield code="a">VVKM</subfield>
  </datafield>
  <datafield tag="050" ind1="0" ind2=" ">
    <subfield code="a">QH331</subfield>
    <subfield code="b">.B13</subfield>
  </datafield>
  <datafield tag="096" ind1=" " ind2=" ">
    <subfield code="a">Q 175 B12 1960</subfield>
  </datafield>
  <datafield tag="100" ind1="1" ind2=" ">
    <subfield code="a">Bachem, Albert,</subfield>
    <subfield code="d">1888-1957.</subfield>
    <subfield code="0">(nnnam)150489</subfield>
  </datafield>
  <datafield tag="245" ind1="1" ind2="0">
    <subfield code="a">Beyond matter and mind;</subfield>
    <subfield code="b">natural sciences synthesized into philosophy.</subfield>
  </datafield>
  <datafield tag="250" ind1=" " ind2=" ">
    <subfield code="a">[1st ed.]</subfield>
  </datafield>
  <datafield tag="260" ind1=" " ind2=" ">
    <subfield code="a">New York :</subfield>
    <subfield code="b">Vantage Press,</subfield>
    <subfield code="c">[1960]</subfield>
  </datafield>
  <datafield tag="300" ind1=" " ind2=" ">
    <subfield code="a">182 p.</subfield>
    <subfield code="c">21 cm.</subfield>
  </datafield>
  <datafield tag="504" ind1=" " ind2=" ">
    <subfield code="a">Includes bibliography.</subfield>
  </datafield>
  <datafield tag="650" ind1=" " ind2="0">
    <subfield code="a">Biology</subfield>
    <subfield code="x">Philosophy.</subfield>
    <subfield code="0">(nnnam)108905</subfield>
  </datafield>
  <datafield tag="902" ind1=" " ind2=" ">
    <subfield code="a">040408</subfield>
  </datafield>
  <datafield tag="910" ind1=" " ind2=" ">
    <subfield code="a">3419</subfield>
  </datafield>
  <datafield tag="998" ind1=" " ind2=" ">
    <subfield code="b">1</subfield>
    <subfield code="c">020506</subfield>
    <subfield code="d">m</subfield>
    <subfield code="e">a</subfield>
    <subfield code="f">-</subfield>
    <subfield code="g">0</subfield>
  </datafield>
  <datafield tag="999" ind1=" " ind2=" ">
    <subfield code="c">127</subfield>
    <subfield code="d">127</subfield>
  </datafield>
  <datafield tag="952" ind1=" " ind2=" ">
    <subfield code="w">2009-07-16</subfield>
    <subfield code="y">MAIN</subfield>
    <subfield code="r">2009-07-16</subfield>
    <subfield code="4">0</subfield>
    <subfield code="0">0</subfield>
    <subfield code="6">Q_175_B12_1960</subfield>
    <subfield code="9">127</subfield>
    <subfield code="b">NYAM</subfield>
    <subfield code="1">0</subfield>
    <subfield code="o">Q 175 B12 1960</subfield>
    <subfield code="d">2004-05-24</subfield>
    <subfield code="t">1</subfield>
    <subfield code="8">GENERAL</subfield>
    <subfield code="7">0</subfield>
    <subfield code="c">MBKSO</subfield>
    <subfield code="2">z</subfield>
    <subfield code="a">NYAM</subfield>
  </datafield>
</record>